<?xml version="1.0" encoding="UTF-8"?>
<record>
  <leader>01507nam a22004572cb4500</leader>
  <controlfield tag="003">DE-605</controlfield>
  <controlfield tag="005">20240307161621.0</controlfield>
  <controlfield tag="007">tu</controlfield>
  <controlfield tag="008">197806|1978    gw a      |   ||| | ger c</controlfield>
  <controlfield tag="001">99373737680006441</controlfield>
  <datafield tag="035" ind1=" " ind2=" ">
    <subfield code="a">(DE-605)HT030673176</subfield>
  </datafield>
  <datafield tag="040" ind1=" " ind2=" ">
    <subfield code="a">DE-38</subfield>
    <subfield code="b">ger</subfield>
    <subfield code="c">DE-38</subfield>
    <subfield code="d">DE-38</subfield>
  </datafield>
  <datafield tag="041" ind1=" " ind2=" ">
    <subfield code="a">ger</subfield>
  </datafield>
  <datafield tag="044" ind1=" " ind2=" ">
    <subfield code="c">XA-DE</subfield>
    <subfield code="c">XA-AT</subfield>
    <subfield code="c">XA-CH</subfield>
  </datafield>
  <datafield tag="110" ind1="2" ind2=" ">
    <subfield code="a">Deutsche Shell-Aktiengesellschaft</subfield>
    <subfield code="b">Abteilung Information und Presse</subfield>
    <subfield code="0">(DE-588)1198947047</subfield>
    <subfield code="4">isb</subfield>
    <subfield code="0">https://d-nb.info/gnd/1198947047</subfield>
    <subfield code="0">http://viaf.org/viaf/154828794</subfield>
    <subfield code="B">GND-1198947047</subfield>
  </datafield>
  <datafield tag="245" ind1="1" ind2="0">
    <subfield code="a">Mineralöl und Erdgas 1977</subfield>
    <subfield code="c">Shell Austria AG, Wien, Abteilung PR ; Shell Switzerland, Zürich, Abteilung ER ; Deutsche Shell AG, Hamburg, Abteilung Information und Presse</subfield>
  </datafield>
  <datafield tag="264" ind1=" " ind2="1">
    <subfield code="a">Hamburg</subfield>
    <subfield code="b">Deutsche Shell AG</subfield>
    <subfield code="c">Juni 1978</subfield>
  </datafield>
  <datafield tag="300" ind1=" " ind2=" ">
    <subfield code="a">8 Seiten</subfield>
    <subfield code="b">Illustrationen</subfield>
  </datafield>
  <datafield tag="336" ind1=" " ind2=" ">
    <subfield code="b">txt</subfield>
  </datafield>
  <datafield tag="337" ind1=" " ind2=" ">
    <subfield code="b">n</subfield>
  </datafield>
  <datafield tag="338" ind1=" " ind2=" ">
    <subfield code="b">nc</subfield>
  </datafield>
  <datafield tag="490" ind1="1" ind2=" ">
    <subfield code="a">Shell Briefing Service</subfield>
    <subfield code="v">Juni 1978</subfield>
  </datafield>
  <datafield tag="035" ind1=" " ind2=" ">
    <subfield code="a">(DE-599)HBZHT030673176</subfield>
  </datafield>
  <datafield tag="830" ind1=" " ind2="0">
    <subfield code="a">Shell Briefing Service</subfield>
    <subfield code="f">Juni 1978</subfield>
  </datafield>
  <datafield tag="710" ind1="2" ind2=" ">
    <subfield code="a">Shell Austria Aktiengesellschaft</subfield>
    <subfield code="b">Abteilung PR</subfield>
    <subfield code="0">(DE-588)119895342X</subfield>
    <subfield code="4">isb</subfield>
    <subfield code="0">https://d-nb.info/gnd/119895342X</subfield>
    <subfield code="0">http://viaf.org/viaf/153663134</subfield>
    <subfield code="B">GND-119895342X</subfield>
  </datafield>
  <datafield tag="710" ind1="2" ind2=" ">
    <subfield code="a">Shell (Switzerland)</subfield>
    <subfield code="g">Firma</subfield>
    <subfield code="b">Abteilung ER</subfield>
    <subfield code="0">(DE-588)1196636184</subfield>
    <subfield code="4">isb</subfield>
    <subfield code="0">https://d-nb.info/gnd/1196636184</subfield>
    <subfield code="0">http://viaf.org/viaf/9572157100640272740004</subfield>
    <subfield code="B">GND-1196636184</subfield>
  </datafield>
  <datafield tag="610" ind1="2" ind2="4">
    <subfield code="a">Shell</subfield>
  </datafield>
  <datafield tag="650" ind1=" " ind2="4">
    <subfield code="a">Erdöl</subfield>
  </datafield>
  <datafield tag="650" ind1=" " ind2="4">
    <subfield code="a">Mineralöl</subfield>
  </datafield>
  <datafield tag="650" ind1=" " ind2="4">
    <subfield code="a">Rohöl</subfield>
  </datafield>
  <datafield tag="650" ind1=" " ind2="4">
    <subfield code="a">Erdgas</subfield>
  </datafield>
  <datafield tag="650" ind1=" " ind2="4">
    <subfield code="a">Statistik</subfield>
  </datafield>
  <datafield tag="650" ind1=" " ind2="4">
    <subfield code="a">Ölförderung</subfield>
  </datafield>
  <datafield tag="650" ind1=" " ind2="4">
    <subfield code="a">Erdölförderung</subfield>
  </datafield>
  <datafield tag="650" ind1=" " ind2="4">
    <subfield code="a">Erdgasförderung</subfield>
  </datafield>
  <datafield tag="650" ind1=" " ind2="4">
    <subfield code="a">Gasförderung</subfield>
  </datafield>
  <datafield tag="650" ind1=" " ind2="4">
    <subfield code="a">Energiestatistik</subfield>
  </datafield>
  <datafield tag="650" ind1=" " ind2="4">
    <subfield code="a">Tanker</subfield>
  </datafield>
  <datafield tag="650" ind1=" " ind2="4">
    <subfield code="a">Öltanker</subfield>
  </datafield>
  <datafield tag="650" ind1=" " ind2="4">
    <subfield code="a">Flüssiggastanker</subfield>
  </datafield>
  <datafield tag="650" ind1=" " ind2="4">
    <subfield code="a">Öltransport</subfield>
  </datafield>
  <datafield tag="MBD" ind1=" " ind2=" ">
    <subfield code="M">49HBZ_NETWORK</subfield>
    <subfield code="i">99373737680006441</subfield>
    <subfield code="n">HBZ Network</subfield>
  </datafield>
  <datafield tag="MBD" ind1=" " ind2=" ">
    <subfield code="M">49HBZ_UBK</subfield>
    <subfield code="i">991055691871806476</subfield>
    <subfield code="n">Universität Köln</subfield>
  </datafield>
  <datafield tag="MNG" ind1=" " ind2=" ">
    <subfield code="c">119Williams######49HBZ_UBK</subfield>
    <subfield code="f">49HBZ_NETWORK</subfield>
    <subfield code="i">marc21</subfield>
    <subfield code="l">62</subfield>
    <subfield code="k">01</subfield>
    <subfield code="e">false</subfield>
    <subfield code="d">2024-03-07 16:16:21 Europe/Berlin</subfield>
    <subfield code="g">99373737680006441</subfield>
    <subfield code="j">60</subfield>
    <subfield code="a">119Williams######49HBZ_UBK</subfield>
    <subfield code="b">2024-02-28 16:53:15 Europe/Berlin</subfield>
  </datafield>
  <datafield tag="H52" ind1="8" ind2=" ">
    <subfield code="b">38-119</subfield>
    <subfield code="c">38-119-BIB</subfield>
    <subfield code="8">22358788740006476</subfield>
  </datafield>
  <datafield tag="HOL" ind1=" " ind2=" ">
    <subfield code="d">2024-02-28 15:53:49</subfield>
    <subfield code="8">22358788740006476</subfield>
    <subfield code="b">2024-02-28 15:53:44</subfield>
    <subfield code="M">49HBZ_UBK</subfield>
    <subfield code="g">false</subfield>
    <subfield code="a">119Williams</subfield>
    <subfield code="c">119Williams</subfield>
  </datafield>
  <datafield tag="ITM" ind1=" " ind2=" ">
    <subfield code="H">22358788740006476</subfield>
    <subfield code="x">38-119-BIB</subfield>
    <subfield code="f">ISSUE</subfield>
    <subfield code="v">38-119-BIB</subfield>
    <subfield code="p">X</subfield>
    <subfield code="X">119Williams</subfield>
    <subfield code="Y">2024-02-28 16:54:28 Europe/Berlin</subfield>
    <subfield code="n">119/EN-11-17(1978)</subfield>
    <subfield code="G">1</subfield>
    <subfield code="M">49HBZ_UBK</subfield>
    <subfield code="s">1</subfield>
    <subfield code="d">8</subfield>
    <subfield code="V">119Williams</subfield>
    <subfield code="L">Im Ordner 'Shell Briefing Service' EN-11-17 (1975-1989)</subfield>
    <subfield code="b">119T0000182</subfield>
    <subfield code="a">23358788720006476</subfield>
    <subfield code="D">2024-02-28 15:54:21</subfield>
    <subfield code="W">2024-02-28 16:54:18 Europe/Berlin</subfield>
    <subfield code="u">38-119</subfield>
    <subfield code="w">38-119</subfield>
  </datafield>
  <datafield tag="GKT" ind1="2" ind2=" ">
    <subfield code="a">Deutsche Shell-Aktiengesellschaft</subfield>
    <subfield code="b">Abt. Information und Presse</subfield>
    <subfield code="A">GND</subfield>
    <subfield code="B">GND-1198947047</subfield>
    <subfield code="C">410</subfield>
  </datafield>
  <datafield tag="GKT" ind1="2" ind2=" ">
    <subfield code="a">Abteilung Information und Presse</subfield>
    <subfield code="g">Deutsche Shell-Aktiengesellschaft</subfield>
    <subfield code="A">GND</subfield>
    <subfield code="B">GND-1198947047</subfield>
    <subfield code="C">410</subfield>
  </datafield>
  <datafield tag="GKT" ind1="2" ind2=" ">
    <subfield code="a">Abt. Information und Presse</subfield>
    <subfield code="g">Deutsche Shell-Aktiengesellschaft</subfield>
    <subfield code="A">GND</subfield>
    <subfield code="B">GND-1198947047</subfield>
    <subfield code="C">410</subfield>
  </datafield>
  <datafield tag="GSI" ind1="7" ind2=" ">
    <subfield code="a">1198947047</subfield>
    <subfield code="0">http://d-nb.info/gnd/1198947047</subfield>
    <subfield code="2">gnd</subfield>
    <subfield code="A">GND</subfield>
    <subfield code="B">GND-1198947047</subfield>
    <subfield code="C">024</subfield>
  </datafield>
  <datafield tag="GKT" ind1="2" ind2=" ">
    <subfield code="a">Shell (Switzerland)</subfield>
    <subfield code="g">Firma</subfield>
    <subfield code="b">Abteilung External Relations</subfield>
    <subfield code="A">GND</subfield>
    <subfield code="B">GND-1196636184</subfield>
    <subfield code="C">410</subfield>
  </datafield>
  <datafield tag="GKT" ind1="2" ind2=" ">
    <subfield code="a">Abteilung ER</subfield>
    <subfield code="g">Shell (Switzerland), Firma</subfield>
    <subfield code="A">GND</subfield>
    <subfield code="B">GND-1196636184</subfield>
    <subfield code="C">410</subfield>
  </datafield>
  <datafield tag="GKT" ind1="2" ind2=" ">
    <subfield code="a">Abteilung External Relations</subfield>
    <subfield code="g">Shell (Switzerland), Firma</subfield>
    <subfield code="A">GND</subfield>
    <subfield code="B">GND-1196636184</subfield>
    <subfield code="C">410</subfield>
  </datafield>
  <datafield tag="GSI" ind1="7" ind2=" ">
    <subfield code="a">http://d-nb.info/gnd/1196636184</subfield>
    <subfield code="2">uri</subfield>
    <subfield code="A">GND</subfield>
    <subfield code="B">GND-1196636184</subfield>
    <subfield code="C">024</subfield>
  </datafield>
  <datafield tag="GKT" ind1="2" ind2=" ">
    <subfield code="a">Shell Austria Aktiengesellschaft</subfield>
    <subfield code="b">Abteilung Public Relations</subfield>
    <subfield code="A">GND</subfield>
    <subfield code="B">GND-119895342X</subfield>
    <subfield code="C">410</subfield>
  </datafield>
  <datafield tag="GKT" ind1="2" ind2=" ">
    <subfield code="a">Abteilung PR</subfield>
    <subfield code="g">Shell Austria Aktiengesellschaft</subfield>
    <subfield code="A">GND</subfield>
    <subfield code="B">GND-119895342X</subfield>
    <subfield code="C">410</subfield>
  </datafield>
  <datafield tag="GKT" ind1="2" ind2=" ">
    <subfield code="a">Abteilung Public Relations</subfield>
    <subfield code="g">Shell Austria Aktiengesellschaft</subfield>
    <subfield code="A">GND</subfield>
    <subfield code="B">GND-119895342X</subfield>
    <subfield code="C">410</subfield>
  </datafield>
  <datafield tag="GSI" ind1="7" ind2=" ">
    <subfield code="a">119895342X</subfield>
    <subfield code="0">http://d-nb.info/gnd/119895342X</subfield>
    <subfield code="2">gnd</subfield>
    <subfield code="A">GND</subfield>
    <subfield code="B">GND-119895342X</subfield>
    <subfield code="C">024</subfield>
  </datafield>
</record>
